# Codegen
@misc{ wiki:java-bytecode-instructions,
   title = "Java bytecode instruction listings --- Wikipedia{,} The Free Encyclopedia",
   year = "2011",
   url = "http://en.wikipedia.org/w/index.php?title=Java_bytecode_instruction_listings&oldid=429777649",
   note = "[Online; accessed 11-June-2011]"
}

@misc{ asm,
   title = "{ASM - A library for dealing with Java class files}",
   year = "2011",
   url = "http://asm.ow2.org/",
   note = "[Online; accessed 08-June-2011]"
}


@book{lindholm1999java,
  title={Java virtual machine specification},
  author={Lindholm, T. and Yellin, F.},
  year={1999},
  publisher={Addison-Wesley Longman Publishing Co., Inc.}
}

# GCC
@conference{novillo2007gcc,
  title={{GCC internals}},
  author={Novillo, D.},
  booktitle={International Symposium on Code Generation and Optimization (CGO), San Jose, California},
  year={2007},
  url={http://www.airs.com/dnovillo/200711-GCC-Internals/200711-GCC-Internals-1-condensed.pdf}
}

@article{stallman2002gnu,
  title={{GNU compiler collection internals}},
  author={Stallman, R.M.},
  journal={Free Software Foundation},
  year={2002},
  url={http://gcc.gnu.org/onlinedocs/gccint/index.html}
}

@conference{merrill2003generic,
  title={{Generic and gimple: A new tree representation for entire functions}},
  author={Merrill, J.},
  booktitle={Proceedings of the 2003 GCC Developers' Summit},
  pages={171--179},
  year={2003},
  organization={Citeseer},
  url={http://ols.fedoraproject.org/GCC/Reprints-2003/GCC2003-Proceedings.pdf#page=171}
}

@conference{novillo2004design,
  title={{Design and implementation of Tree SSA}},
  author={Novillo, D.},
  booktitle={GCC Developers' Summit},
  year={2004},
  organization={Citeseer},
  url={http://gd.tuwien.ac.at/pub/gnu/GCC/summit/2004/Design%20of%20Tree%20SSA.pdf}
}

@article{vichare2004conceptual,
  title={{The Conceptual Structure of GCC}},
  author={Vichare, A.},
  year={2004},
  publisher={Indian Institute of Technology, Bombay},
  url={http://www.cse.iitb.ac.in/grc/intdocs/gcc-conceptual-structure.pdf}
}

@article{hendren1993designing,
  title={{Designing the McCAT compiler based on a family of structured intermediate representations}},
  author={Hendren, L. and Donawa, C. and Emami, M. and Gao, G. and Sridharan, B.},
  journal={Languages and Compilers for Parallel Computing},
  pages={406--420},
  year={1993},
  publisher={Springer},
  url={http://reference.kfupm.edu.sa/content/d/e/designing_the_mccat_compiler_based_on_a__1518908.pdf}
}

@misc{ wiki:gcc,
   title = "{GNU Compiler Collection --- Wikipedia{,} The Free Encyclopedia}",
   year = "2011",
   url = "http://en.wikipedia.org/w/index.php?title=GNU_Compiler_Collection&oldid=408223894",
   note = "[Online; accessed 26-January-2011]"
 }

# LLVM
@MastersThesis{lattner2002llvm,
    author  = {Chris Lattner},
    title   = "{LLVM: An Infrastructure for Multi-Stage Optimization}",
    school  = "{Computer Science Dept., University of Illinois at Urbana-Champaign}",
    year    = {2002},
    address = {Urbana, IL},
    month   = {Dec},
    url     = {http://llvm.org/pubs/2002-12-LattnerMSThesis.pdf}
}

@InProceedings{lattner2004llvm,
    author    = {Chris Lattner and Vikram Adve},
    title     = "{LLVM: A Compilation Framework for Lifelong Program Analysis \& Transformation}",
    booktitle = "{Proceedings of the 2004 International Symposium on Code Generation and Optimization (CGO'04)}",
    address   = {Palo Alto, California},
    month     = {Mar},
    year      = {2004},
    url = {http://llvm.org/pubs/2004-01-30-CGO-LLVM.pdf}
}

@conference{lattner2008llvmclang,
  title={{LLVM and Clang: Next Generation Compiler Technology}},
  author={Lattner, C.},
  year={2008},
  url = {http://llvm.org/pubs/2008-05-17-BSDCan-LLVMIntro.pdf}
}

@InProceedings{lattneradve2004tutorial,
  author={Chris Lattner and Vikram Adve},
  title="{The LLVM Compiler Framework and Infrastructure Tutorial}",
  month={Sep},
  year={2004},
  address={West Lafayette, Indiana},
  booktitle="{LCPC'04 Mini Workshop on Compiler Research Infrastructures}",
  url = {http://llvm.org/pubs/2004-09-22-LCPCLLVMTutorial.pdf}
}

@misc{ web:llvm-doc,
   title = "{Documentation for the LLVM System}",
   year = "2010",
   url = "http://llvm.org/docs/",
   note = "[Online; accessed 10-February-2011]"
}

@misc{ web:llvm-lang-ref-man,
   title = "{LLVM Language Reference Manual}",
   year = "2010",
   url = "http://llvm.org/docs/LangRef.html",
   note = "[Online; accessed 10-February-2011]"
}

@misc{ web:llvm-progs-man,
   title = "{LLVM Programmers manual}",
   year = "2010",
   url = "http://llvm.org/docs/ProgrammersManual.html",
   note = "[Online; accessed 10-February-2011]"
}

@misc{ web:llvm-write-backend,
   title = "{Writing an LLVM Compiler Backend}",
   year = "2010",
   url = "http://llvm.org/docs/WritingAnLLVMBackend.html",
   note = "[Online; accessed 10-February-2011]"
}

@misc{ web:llvm-code-gen,
   title = "{The LLVM Target-Independent Code Generator}",
   year = "2010",
   url = "http://llvm.org/docs/CodeGenerator.html",
   note = "[Online; accessed 10-February-2011]"
}

@misc{ web:llvm-write-pass,
   title = "{Writing an LLVM Pass}",
   year = "2010",
   url = "http://llvm.org/docs/WritingAnLLVMPass.html",
   note = "[Online; accessed 10-February-2011]"
}

@misc{ web:clang-hacking,
   title = "{Clang CFE Internals Manual}",
   year = "2010",
   url = "http://clang.llvm.org/docs/InternalsManual.html",
   note = "[Online; accessed 10-February-2011]"
}

@misc{ web:clang-parser-tut,
   author = "Nico Weber",
   title = "{How to parse C programs with clang: A tutorial in 9 parts}",
   year = "2010",
   url = "http://amnoid.de/tmp/clangtut/tut.html",
   note = "[Online; accessed 13-February-2011]"
}

# Parsing
@misc{ wiki:top-down-parsing,
   title = "{Top-down parsing --- Wikipedia{,} The Free Encyclopedia}",
   year = "2010",
   url = "http://en.wikipedia.org/w/index.php?title=Top-down_parsing&oldid=382233937",
   note = "[Online; accessed 20-January-2011]"
}

@misc{ wiki:bottom-up-parsing,
   title = "{Bottom-up parsing --- Wikipedia{,} The Free Encyclopedia}",
   year = "2010",
   url = "http://en.wikipedia.org/w/index.php?title=Bottom-up_parsing&oldid=404782804",
   note = "[Online; accessed 20-January-2011]"
}

@misc{ wiki:ll-parser,
   title = "{LL parser --- Wikipedia{,} The Free Encyclopedia}",
   year = "2010",
   url = "http://en.wikipedia.org/w/index.php?title=LL_parser&oldid=399215667",
   note = "[Online; accessed 20-January-2011]"
}

@misc{wiki:recursive-descent-parser,
   title = "{Recursive descent parser --- Wikipedia{,} The Free Encyclopedia}",
   year = "2011",
   url = "http://en.wikipedia.org/w/index.php?title=Recursive_descent_parser&oldid=408733374",
   note = "[Online; accessed 19-January-2011]"
}

@misc{ wiki:lr-parser,
   title = "{LR parser --- Wikipedia{,} The Free Encyclopedia}",
   year = "2010",
   url = "http://en.wikipedia.org/w/index.php?title=LR_parser&oldid=399248916",
   note = "[Online; accessed 20-January-2011]"
}

# SSA
@article{pop2006ssa,
  title={{The SSA representation framework: semantics, analyses and GCC implementation}},
  author={Pop, S.},
  year={2006},
  url={http://cri.ensmp.fr/people/pop/papers/2006-12-thesis.pdf},
  url={http://www.cri.ensmp.fr/classement/doc/E-284.pdf}
}

@inproceedings{cytron1989,
  title={An efficient method of computing static single assignment form},
  author={Cytron, R. and Ferrante, J. and Rosen, B.K. and Wegman, M.N. and Zadeck, F.K.},
  booktitle={Proceedings of the 16th ACM SIGPLAN-SIGACT symposium on Principles of programming languages},
  pages={25--35},
  year={1989},
  organization={ACM},
  url={http://citeseerx.ist.psu.edu/viewdoc/download?doi=10.1.1.107.3808&rep=rep1&type=pdf}
}

@article{cooper2001,
  title={A simple, fast dominance algorithm},
  author={Cooper, K.D. and Harvey, T.J. and Kennedy, K.},
  journal={Software Practice and Experience},
  volume={4},
  pages={1--10},
  year={2001},
  publisher={Citeseer}
}

@phdthesis{hack2007,
   author = {Sebastian Hack},
   title = {{R}egister {A}llocation for {P}rograms in {SSA} {F}orm},
   school = {Universit\"at Karlsruhe},
   year = {2007},
   month = {October},
   isbn = {978-3-86644-180-4},
   publisher = {Universit\"atsverlag Karlsruhe},
   url = {http://digbib.ubka.uni-karlsruhe.de/volltexte/documents/6532}
}

@misc{ wiki:dominator,
   title = "{Dominator (graph theory) --- Wikipedia{,} The Free Encyclopedia}",
   year = "2011",
   url = "http://en.wikipedia.org/w/index.php?title=Dominator_(graph_theory)\&oldid=429406831",
   note = "[Online; accessed 17-May-2011]"
 }


# Books
@book{aho1986compilers,
  title={Compilers: Principles, Techniques and Tools},
  author={Aho, A.V. and Sethi, R. and Ullman, J.D.},
  isbn={0201101947},
  year={1986},
  publisher={Addison-wesley}
}

@book{aho2007compilers,
  title={Compilers: Principles, Techniques and Tools},
  author={Aho, A.V. and Lam, M.S. and Sethi, R. and Ullman, J.D.},
  isbn={978-0321547989},
  year={2007},
  publisher={Addison Wesley Pub Co Inc}
}

@book{cooper2004engineering,
  title={Engineering a compiler},
  author={Cooper, K.D. and Torczon, L.},
  isbn={1558606998},
  year={2004},
  publisher={Elsevier}
}

@book{parr2007,
  title={The definitive ANTLR reference: building domain-specific languages},
  author={Parr, T.},
  year={2007},
  publisher={Pragmatic Bookshelf}
}

@book{grune2008parsing,
  title={Parsing techniques: a practical guide},
  author={Grune, D. and Jacobs, C.J.H.},
  year={2008},
  publisher={Springer-Verlag New York Inc}
}

# Flex/Bison examples
@misc{ perl-bison,
   title = "Perl 5's Makefile.SH -- current version at time of writing",
   year = "2011",
   url = "http://perl5.git.perl.org/perl.git/blob/HEAD:/Makefile.SH",
   note = "[Online; accessed 30-May-2011]"
}

@misc{ tcl-bison,
   title = "TCL's Makefile -- current version at time of writing",
   year = "2011",
   url = "http://tcl.cvs.sourceforge.net/viewvc/tcl/tcl/unix/Makefile.in?revision=1.269&view=markup",
   note = "[Online; accessed 30-May-2011]"
}

@misc{ ruby-bison,
   title = "Ruby's Makefile.in -- current version at time of writing",
   year = "2011",
   url = "http://svn.ruby-lang.org/cgi-bin/viewvc.cgi/trunk/Makefile.in?revision=23150&view=markup",
   note = "[Online; accessed 30-May-2011]"
}

@misc{ php-bison,
   title = "PHP's root configure.in -- current version at time of writing",
   year = "2011",
   url = "http://svn.php.net/repository/php/php-src/branches/PHP_5_2/configure.in",
   note = "[Online; accessed 30-May-2011]"
}

# ANTLR
@misc{ antlr-java-grammar,
   title = "{Java.g - The grammar used for the Java lexer/parser}",
   year = "2011",
   url = "http://openjdk.java.net/projects/compiler-grammar/antlrworks/Java.g",
   note = "[Online; accessed 09-June-2011]"
}

@misc{ antlr-tutorial,
   title = "{ANTLR 3 - A tutorial for ANTLR}",
   author = {Mark Volkmann},
   year = "2011",
   url = "http://jnb.ociweb.com/jnb/jnbJun2008.html",
   note = "[Online; accessed 09-June-2011]"
}

# Software
@misc{ flex,
   title = "Flex - A scanner generator",
   year = "2011",
   url = "http://flex.sourceforge.net",
   note = "[Online; accessed 30-May-2011]"
}

@misc{ bison,
   title = "Bison - A parser generator",
   year = "2011",
   url = "http://www.gnu.org/software/bison",
   note = "[Online; accessed 30-May-2011]"
}

@misc{ antlr,
   title = "{ANTLR - A generator for scanners and parsers}",
   year = "2011",
   url = "http://www.antlr.org",
   note = "[Online; accessed 30-May-2011]"
}

@misc{ guava,
   title = "{guava-libraries - A library of support code for Java}",
   year = "2011",
   url = "http://code.google.com/p/guava-libraries/",
   note = "[Online; accessed 08-June-2011]"
}

@misc{ jopt-simple,
   title = "{jopt-simple - A library for parsing command-line options}",
   year = "2011",
   url = "http://pholser.github.com/jopt-simple/",
   note = "[Online; accessed 08-June-2011]"
}

